<record><leader>00000cas a22000007a 4500</leader><controlfield tag="001">1537467</controlfield><controlfield tag="008">750812d19081968mnuwr ne      0    0eng d</controlfield><datafield ind1=" " ind2=" " tag="010"><subfield code="a">sn 89064446 </subfield></datafield><datafield ind1=" " ind2=" " tag="040"><subfield code="a">MUL</subfield><subfield code="b">eng</subfield><subfield code="c">MUL</subfield><subfield code="d">OCL</subfield><subfield code="d">MN#</subfield><subfield code="d">OCLCQ</subfield><subfield code="d">OCLCF</subfield><subfield code="d">OCLCO</subfield></datafield><datafield ind1=" " ind2=" " tag="042"><subfield code="a">msc</subfield></datafield><datafield ind1=" " ind2=" " tag="043"><subfield code="a">n-us-mn</subfield></datafield><datafield ind1=" " ind2=" " tag="052"><subfield code="a">4144</subfield><subfield code="b">B83</subfield></datafield><datafield ind1=" " ind2=" " tag="052"><subfield code="a">4143</subfield><subfield code="b">S6</subfield></datafield><datafield ind1="0" ind2="0" tag="245"><subfield code="a">Brooten review.</subfield></datafield><datafield ind1=" " ind2=" " tag="260"><subfield code="a">Brooten, Minn. :</subfield><subfield code="b">C.W. Folson,</subfield><subfield code="c">-1968.</subfield></datafield><datafield ind1=" " ind2=" " tag="300"><subfield code="a">v.</subfield></datafield><datafield ind1=" " ind2=" " tag="310"><subfield code="a">Weekly</subfield></datafield><datafield ind1="1" ind2=" " tag="362"><subfield code="a">Began in 1908?</subfield></datafield><datafield ind1="0" ind2=" " tag="362"><subfield code="a">-v. 62, no. 52 (Dec. 27, 1968).</subfield></datafield><datafield ind1=" " ind2=" " tag="530"><subfield code="a">Available on microfilm from the Minnesota Historical Society.</subfield></datafield><datafield ind1=" " ind2=" " tag="588"><subfield code="a">Description based on: Vol. 1, no. 33 (Oct. 9, 1908).</subfield></datafield><datafield ind1=" " ind2="0" tag="651"><subfield code="a">Brooten (Minn.)</subfield><subfield code="v">Newspapers.</subfield></datafield><datafield ind1=" " ind2="7" tag="655"><subfield code="a">Newspapers.</subfield><subfield code="2">fast</subfield><subfield code="0">(OCoLC)fst01423814</subfield></datafield><datafield ind1=" " ind2="7" tag="651"><subfield code="a">Minnesota</subfield><subfield code="z">Brooten.</subfield><subfield code="2">fast</subfield><subfield code="0">(OCoLC)fst01236132</subfield></datafield><datafield ind1=" " ind2=" " tag="752"><subfield code="a">United States</subfield><subfield code="b">Minnesota</subfield><subfield code="c">Stearns</subfield><subfield code="d">Brooten.</subfield></datafield><datafield ind1="0" ind2="7" tag="785"><subfield code="t">Belgrade tribune</subfield><subfield code="w">(DLC)sn 89064447</subfield></datafield><datafield ind1="0" ind2="7" tag="785"><subfield code="t">Independent observer (Belgrade, Minn.)</subfield><subfield code="w">(DLC)sn 89064448</subfield></datafield></record>